<record><leader>00000cas a22000007a 4500</leader><controlfield tag="001">9717329</controlfield><controlfield tag="008">830719d1839184umduwr ne      0    0eng  </controlfield><controlfield tag="009">466</controlfield><datafield ind1=" " ind2=" " tag="010"><subfield code="a">sn 83016331 </subfield></datafield><datafield ind1=" " ind2=" " tag="040"><subfield code="a">DLC</subfield><subfield code="b">eng</subfield><subfield code="c">DLC</subfield><subfield code="d">MFN</subfield><subfield code="d">DLC</subfield><subfield code="d">OCLCQ</subfield></datafield><datafield ind1="1" ind2=" " tag="029"><subfield code="a">AU@</subfield><subfield code="b">000026220948</subfield></datafield><datafield ind1=" " ind2=" " tag="042"><subfield code="a">msc</subfield></datafield><datafield ind1="0" ind2="0" tag="050"><subfield code="a">Newspaper</subfield></datafield><datafield ind1="0" ind2="0" tag="245"><subfield code="a">Leonard Town herald.</subfield></datafield><datafield ind1="3" ind2="0" tag="246"><subfield code="a">Leonardtown herald</subfield></datafield><datafield ind1=" " ind2=" " tag="260"><subfield code="a">Leonardtown, Md. :</subfield><subfield code="b">F.M. Jarboc</subfield></datafield><datafield ind1=" " ind2=" " tag="300"><subfield code="a">v.</subfield></datafield><datafield ind1=" " ind2=" " tag="310"><subfield code="a">Weekly</subfield></datafield><datafield ind1="0" ind2=" " tag="362"><subfield code="a">Vol. 1, no. 1 (Dec. 25, 1839)-</subfield></datafield><datafield ind1=" " ind2=" " tag="752"><subfield code="a">United States</subfield><subfield code="b">Maryland</subfield><subfield code="c">Saint Mary's</subfield><subfield code="d">Leonardtown.</subfield></datafield><datafield ind1="0" ind2="0" tag="785"><subfield code="t">St. Mary's beacon (Leonardtown, Md.)</subfield><subfield code="w">(DLC)sn 89060119</subfield></datafield></record>